@article{sotiropoulou2020global,
  title={Global organization in {S}panish onsets},
  author={Sotiropoulou, Stavroula and Gibson, Mark and Gafos, Adamantios},
  journal={Journal of Phonetics},
  volume={82},
  pages={100995},
  year={2020},
  publisher={Elsevier}
}

@article{gibson2019temporal,
  title={Temporal aspects of word initial single consonants and consonants in clusters in Spanish},
  author={Gibson, Mark and Sotiropoulou, Stavroula and Tobin, Stephen and Gafos, Adamantios I},
  journal={Phonetica},
  volume={76},
  number={6},
  pages={448--478},
  year={2019},
  publisher={Karger Publishers}
}

@article{shaw2015stochastic,
  title={Stochastic time models of syllable structure},
  author={Shaw, Jason A and Gafos, Adamantios I},
  journal={PloS one},
  volume={10},
  number={5},
  pages={e0124714},
  year={2015},
  publisher={Public Library of Science San Francisco, CA USA}
}

@book{geeslin2018cambridge,
  title={The Cambridge handbook of Spanish linguistics},
  author={Geeslin, Kimberly L},
  year={2018},
  publisher={Cambridge University Press}
}


@article{prieto2018prosody,
  title={Prosody: Stress, rhythm, and intonation},
  author={Prieto, Pilar and Roseano, Paolo},
  journal={The cambridge handbook of Spanish linguistics},
  volume={1},
  pages={211--236},
  year={2018},
  publisher={Cambridge University Press Cambridge}
}

@article{dejong1993interplay,
  title={The interplay between prosodic structure and coarticulation},
  author={De Jong, Kenneth and Beckman, Mary E and Edwards, Jan},
  journal={Language and speech},
  volume={36},
  number={2-3},
  pages={197--212},
  year={1993},
  publisher={SAGE Publications Sage UK: London, England},
  url={https://journals.sagepub.com/doi/epdf/10.1177/002383099303600305}
}

@article{kent1971effects,
  title={Effects of stress contrasts on certain articulatory parameters},
  author={Kent, Ray D and Netsell, Ronald},
  journal={Phonetica},
  volume={24},
  number={1},
  pages={23--44},
  year={1971},
  publisher={De Gruyter Mouton}
}

@inproceedings{mooshammer1999effects,
  title={Effects of stress and tenseness on the production of {CVC} syllables in {G}erman},
  author={Mooshammer, Christine and Fuchs, Susanne and Fischer, Dirk},
  booktitle={Proceedings of the 14th International Congress of Phonetic Sciences},
  pages={409--412},
  year={1999},
  organization={San Francisco}
}

@article{browman1988some,
  title={Some notes on syllable structure in articulatory phonology},
  author={Browman, Catherine P and Goldstein, Louis},
  journal={Phonetica},
  volume={45},
  number={2-4},
  pages={140--155},
  year={1988},
  publisher={De Gruyter Mouton}
}

@article{byrd1995c,
  title={C-centers revisited},
  author={Byrd, Dani},
  journal={Phonetica},
  volume={52},
  number={4},
  pages={285--306},
  year={1995},
  publisher={De Gruyter Mouton}
}


@article{hirschfeld1983ergebnisse,
  title   = {Ergebnisse des {S}prachvergleichs {S}panisch-{D}eutsch im {B}ereich der {P}honologie und {P}honetik},
  author  = {Hirschfeld, Ursula},
  journal = {Deutsch als Fremdsprache},
  volume  = {20},
  number  = {3},
  pages   = {169--174},
  year    = {1983},
  city = {Leipzig}
}

 @Manual{R,
    title = {R: A Language and Environment for Statistical Computing},
    author = {{R Core Team}},
    organization = {R Foundation for Statistical Computing},
    address = {Vienna, Austria},
    year = {2020},
    url = {https://www.R-project.org/},
  }